1666 2866
462 165 525 231 A
558 161 627 229 N
661 162 691 228 I
728 161 812 227 M
844 160 907 226 A
937 161 996 227 L
1029 160 1061 226 Ι
1095 161 1158 226 A

170 307 655 360 VERTEBRIS
696 305 1042 367 NULLIS,
1084 302 1446 354 PEDATA.

300 521 827 567 CLASSIS
916 479 1329 567 PR'IMA,

429 639 665 693 (Octava
696 638 878 684 tabulae
905 638 1151 699 generalis
1154 640 1202 691 J,

363 753 770 798 CRUSTACEA.
824 752 1265 799 CRUSTACFLS.

434 868 699 915 crustae-ea
712 905 724 928 ,
749 869 943 928 Cuvier,
972 869 1207 914 Lamarck.

180 1075 511 1152 CHARACTER
534 1118 837 1147 ANATomlcus.
858 1102 1046 1148 Animal
1068 1100 1288 1146 vertebris
1310 1098 1470 1156 nullis,

182 1187 336 1231 nervis
350 1221 362 1244 ,
382 1185 518 1230 corde
538 1220 550 1243 ,
583 1185 814 1230 branchiis
834 1220 845 1243 ,
864 1184 1073 1229 medulla
1091 1182 1257 1246 spinali
1277 1180 1470 1244 gangliis

181 1264 398 1327 plurimis
423 1297 437 1317 ‚
471 1263 698 1309 musculis
730 1280 812 1325 pro
844 1263 1016 1326 pedum
1052 1273 1199 1308 motu.

246 1344 537 1390 CHARACTER
561 1360 823 1390 NATURALIS
848 1360 1105 1390 EXTERIOR.
1133 1345 1320 1404 Corpus
1340 1340 1475 1404 pedi-

182 1427 269 1472 bus
292 1426 697 1473 articulationibus
713 1427 930 1486 nudis(1)
947 1463 959 1486 ,
976 1438 1218 1490 apterum3
1240 1423 1475 1470 branchiis

187 1509 245 1555 ad
276 1510 474 1556 thoracis
501 1510 668 1569 latera,
702 1510 833 1555 illius
864 1521 1134 1572 tegumento
1162 1508 1331 1572 opertis
1353 1543 1365 1566 ‚
1400 1506 1477 1551 vel

185 1591 367 1654 corpori
396 1590 515 1637 infra
551 1603 737 1637 externe
766 1592 956 1637 annexis
981 1592 1064 1651 (2).
1084 1615 1142 1626 ·—
1166 1591 1299 1650 Illis(
1321 1592 1479 1636 Ento-

185 1683 434 1720 mostraca
464 1675 480 1733 )
513 1682 838 1735 tegumentmtz
877 1690 1101 1720 corneum
1130 1709 1143 1732 ,
1189 1672 1481 1718 membrana-

189 1773 355 1814 ceum,
377 1757 642 1818 clypeatum
678 1765 756 1801 aut
794 1756 980 1802 bivalve
1012 1755 1190 1818 saepius.
1231 1752 1482 1800 Antennae

189 1837 348 1899 paucis
374 1837 515 1881 nullae
531 1872 543 1895 7
566 1847 644 1882 aut
666 1837 746 1882 vix
771 1835 1133 1900 distinguendae,
1158 1836 1260 1882 aliis
1285 1835 1485 1899 penicil-

190 1917 427 1977 liformes‚
448 1935 666 1978 ramosae,
690 1919 875 1964 brachia
904 1918 1165 1964 referentes.
1195 1920 1338 1964 Oculi
1367 1918 1484 1977 duo,

192 1999 336 2045 modo
353 1999 582 2058 distincti,
602 2000 745 2046 modo
766 2001 809 2046 in
837 2018 983 2046 unum
1005 2000 1160 2046 coalili
1179 2037 1190 2059 7
1214 2011 1483 2062 tegumento

193 2082 398 2144 corporis
427 2098 593 2143 supero
624 2093 667 2126 er.
695 2082 849 2128 antico
881 2083 1119 2141 immersi,
1149 2082 1377 2127 rarissime
1405 2098 1485 2144 pe-

247 2263 305 2315 (1)
338 2262 624 2302 Articulorum
665 2265 840 2303 nexibus
876 2265 1054 2303 externis
1076 2295 1085 2312 ,
1109 2279 1185 2304 nec
1216 2263 1489 2316 productione

197 2325 327 2373 cutis,
356 2339 400 2363 ac
424 2326 467 2363 in
493 2326 809 2374 mammalibus,
831 2327 994 2374 avibus,
1018 2327 1148 2366 tectis.

251 2410 308 2463 (2)
335 2411 521 2450 Tracheae
547 2426 643 2465 ergo
670 2421 711 2452 et
740 2412 952 2466 stigmata,
968 2412 1031 2452 vel
1051 2412 1209 2451 crificia
1228 2410 1394 2450 illarum
1421 2424 1491 2450 ex-

206 2482 316 2512 terna
333 2501 342 2519 ‚
363 2472 493 2512 nulla.
